@misc{Feinstein,
  title={Statement for the Record Senate Judiciary Committee Hearing on Encryption},
  author={Ranking Member Feinstein},
  year={2019},
  eprint={https://www.judiciary.senate.gov/imo/media/doc/12.10.2019%20Feinstein%20Statement.pdf}
}

@article{ACM,
  author = {Anderson, Ronald E.},
  title = {ACM Code of Ethics and Professional Conduct},
  year = {1992},
  issue_date = {May 1992},
  publisher = {Association for Computing Machinery},
  address = {New York, NY, USA},
  volume = {35},
  number = {5},
  issn = {0001-0782},
  url = {https://doi.org/10.1145/129875.129885},
  doi = {10.1145/129875.129885},
  journal = {Commun. ACM},
  month = may,
  pages = {94â€“99},
  numpages = {6}
}

@misc{Lavabit,
  title={United States v. Lavabit, LLC., 749 F.3d 276 (4th Cir. 2014)}
}

@misc{LavabitWarrent,
  title={{In the Matter of the Search of: Lavabit LLC Email Account for Joey006@lavabit.com, 1:13-mj-00607, No. 4 (D.Md. Jun. 10, 2013)}}
}

@misc{Mullin, 
  title={Lavabit founder, under gag order, speaks out about shutdown decision}, 
  url={https://arstechnica.com/tech-policy/2013/08/lavabit-founder-under-gag-order-speaks-out-about-shut-down-decision/}, 
  journal={Ars Technica}, 
  publisher={Ars Technica}, 
  author={Mullin, Joe}, 
  year={2013}, 
  month={Aug}
}

@misc{Carpenter,
  title={{Carpenter v. United States, No. 16-402, 585 U.S. \_\_\_\_ (2018)}}
}